<marcxml:record xmlns:xlink="http://www.w3.org/1999/xlink" xmlns:marcxml="http://www.loc.gov/MARC21/slim" xmlns:rdf="http://www.w3.org/1999/02/22-rdf-syntax-ns#" xmlns:madsrdf="http://www.loc.gov/mads/rdf/v1#" xmlns:ri="http://id.loc.gov/ontologies/RecordInfo#" xmlns:xsi="http://www.w3.org/2001/XMLSchema-instance" xmlns:mets="http://www.loc.gov/METS/" xmlns:idx="info:lc/xq-modules/lcindex" xmlns:bfidx="info:lc/xq-modules/bfidx" xmlns:semtriples="http://marklogic.com/semantic" xmlns:bf="http://id.loc.gov/ontologies/bibframe/" xmlns:bflc="http://id.loc.gov/ontologies/bflc/" xmlns:bfsimple="http://id.loc.gov/ontologies/bfsimple/" xmlns:dcterms="http://purl.org/dc/terms/">
  <marcxml:leader>06095cam a2200877 i 4500</marcxml:leader>
  <marcxml:controlfield tag="001">21508109</marcxml:controlfield>
  <marcxml:controlfield tag="005">20231211095030.0</marcxml:controlfield>
  <marcxml:controlfield tag="008">200422s2019    ir       b    000 0 per  </marcxml:controlfield>
  <marcxml:datafield tag="906" ind1=" " ind2=" ">
    <marcxml:subfield code="a">7</marcxml:subfield>
    <marcxml:subfield code="b">cbc</marcxml:subfield>
    <marcxml:subfield code="c">origode</marcxml:subfield>
    <marcxml:subfield code="d">2</marcxml:subfield>
    <marcxml:subfield code="e">ncip</marcxml:subfield>
    <marcxml:subfield code="f">20</marcxml:subfield>
    <marcxml:subfield code="g">y-nonroman</marcxml:subfield>
  </marcxml:datafield>
  <marcxml:datafield tag="925" ind1="0" ind2=" ">
    <marcxml:subfield code="a">acquire</marcxml:subfield>
    <marcxml:subfield code="b">1 shelf copy</marcxml:subfield>
    <marcxml:subfield code="x">policy default</marcxml:subfield>
  </marcxml:datafield>
  <marcxml:datafield tag="955" ind1=" " ind2=" ">
    <marcxml:subfield code="b">wk31 2020-04-22</marcxml:subfield>
    <marcxml:subfield code="i">wk26 2023-03-25</marcxml:subfield>
    <marcxml:subfield code="a">cb05 2023-12-11 to AMED</marcxml:subfield>
  </marcxml:datafield>
  <marcxml:datafield tag="010" ind1=" " ind2=" ">
    <marcxml:subfield code="a">  2020373530</marcxml:subfield>
  </marcxml:datafield>
  <marcxml:datafield tag="020" ind1=" " ind2=" ">
    <marcxml:subfield code="a">9786226942058 (set)</marcxml:subfield>
  </marcxml:datafield>
  <marcxml:datafield tag="020" ind1=" " ind2=" ">
    <marcxml:subfield code="a">9786226942027 (v.1)</marcxml:subfield>
  </marcxml:datafield>
  <marcxml:datafield tag="020" ind1=" " ind2=" ">
    <marcxml:subfield code="a">9786226942034 (v.2)</marcxml:subfield>
  </marcxml:datafield>
  <marcxml:datafield tag="020" ind1=" " ind2=" ">
    <marcxml:subfield code="a">9786226036986 (v.3)</marcxml:subfield>
  </marcxml:datafield>
  <marcxml:datafield tag="020" ind1=" " ind2=" ">
    <marcxml:subfield code="a">9786226036993 (v.4)</marcxml:subfield>
  </marcxml:datafield>
  <marcxml:datafield tag="020" ind1=" " ind2=" ">
    <marcxml:subfield code="a">9786226036986 (v.5)</marcxml:subfield>
  </marcxml:datafield>
  <marcxml:datafield tag="020" ind1=" " ind2=" ">
    <marcxml:subfield code="a">9786226036948 (v.6)</marcxml:subfield>
  </marcxml:datafield>
  <marcxml:datafield tag="020" ind1=" " ind2=" ">
    <marcxml:subfield code="a">9786226036955 (v.7)</marcxml:subfield>
  </marcxml:datafield>
  <marcxml:datafield tag="020" ind1=" " ind2=" ">
    <marcxml:subfield code="a">9786226942041 (v.8)</marcxml:subfield>
  </marcxml:datafield>
  <marcxml:datafield tag="020" ind1=" " ind2=" ">
    <marcxml:subfield code="a">9786226036962 (v.9)</marcxml:subfield>
  </marcxml:datafield>
  <marcxml:datafield tag="020" ind1=" " ind2=" ">
    <marcxml:subfield code="a">9786226942034 (v.10)</marcxml:subfield>
  </marcxml:datafield>
  <marcxml:datafield tag="020" ind1=" " ind2=" ">
    <marcxml:subfield code="a">9786226942003 (v.11)</marcxml:subfield>
  </marcxml:datafield>
  <marcxml:datafield tag="037" ind1=" " ind2=" ">
    <marcxml:subfield code="b">Library of Congress -- Islamabad Overseas Office</marcxml:subfield>
  </marcxml:datafield>
  <marcxml:datafield tag="040" ind1=" " ind2=" ">
    <marcxml:subfield code="a">DLC</marcxml:subfield>
    <marcxml:subfield code="b">eng</marcxml:subfield>
    <marcxml:subfield code="e">rda</marcxml:subfield>
    <marcxml:subfield code="c">DLC</marcxml:subfield>
  </marcxml:datafield>
  <marcxml:datafield tag="042" ind1=" " ind2=" ">
    <marcxml:subfield code="a">lcode</marcxml:subfield>
    <marcxml:subfield code="a">pcc</marcxml:subfield>
  </marcxml:datafield>
  <marcxml:datafield tag="050" ind1="0" ind2="0">
    <marcxml:subfield code="a">PK6416</marcxml:subfield>
    <marcxml:subfield code="b">.P57 2019</marcxml:subfield>
  </marcxml:datafield>
  <marcxml:datafield tag="066" ind1=" " ind2=" ">
    <marcxml:subfield code="c">(3</marcxml:subfield>
    <marcxml:subfield code="c">(4</marcxml:subfield>
  </marcxml:datafield>
  <marcxml:datafield tag="100" ind1="1" ind2=" ">
    <marcxml:subfield code="6">880-01</marcxml:subfield>
    <marcxml:subfield code="a">Pīrūzān, Hādī,</marcxml:subfield>
    <marcxml:subfield code="d">1983 or 1984-</marcxml:subfield>
    <marcxml:subfield code="e">author.</marcxml:subfield>
  </marcxml:datafield>
  <marcxml:datafield tag="880" ind1="1" ind2=" ">
    <marcxml:subfield code="6">100-01/(3/r‏</marcxml:subfield>
    <marcxml:subfield code="a">‏پيروزان، هادى.</marcxml:subfield>
  </marcxml:datafield>
  <marcxml:datafield tag="245" ind1="1" ind2="0">
    <marcxml:subfield code="6">880-02</marcxml:subfield>
    <marcxml:subfield code="a">Majmūʻah-ʼi "dū sadah sukhanvarī" :</marcxml:subfield>
    <marcxml:subfield code="b">zamīnah va zamānah-yi sukhanvarī-i Saʻdī, Khvājū va Ḥāfiẓ /</marcxml:subfield>
    <marcxml:subfield code="c">Hādī Pīrūzān ; sarvīrāstār va nāẓir-i ʻilmī-i majmūʻah, Duktur Kāvūs Ḥasanʹlī ; dastyār-i pizhūhishī-i majmūʻah, Duktur Farzānah Muʻīnī ; az faʻʻālīyatʹhā-yi ʻilmī-i "Kursīʹpizhūhī-i Ḥāfiẓ".</marcxml:subfield>
  </marcxml:datafield>
  <marcxml:datafield tag="880" ind1="1" ind2="0">
    <marcxml:subfield code="6">245-02/(3/r‏</marcxml:subfield>
    <marcxml:subfield code="a">‏مجموعۀ "دو سده سخنورى" :‏</marcxml:subfield>
    <marcxml:subfield code="b">‏زمينه و زمانه‌ى سخنورى سعدى، خواجو و حافظ /‏</marcxml:subfield>
    <marcxml:subfield code="c">‏هادى پيروزان ؛ سرويراستار و ناظر علمى مجموعه، دکتر کاووس حسن‌لى ؛ دستيار پژوهشى مجموعه، دکتر فرزانه معينى ؛ از فععاليت‌هاى علمى "کرسى‌پژوهى حافظ".</marcxml:subfield>
  </marcxml:datafield>
  <marcxml:datafield tag="246" ind1="3" ind2="0">
    <marcxml:subfield code="6">880-03</marcxml:subfield>
    <marcxml:subfield code="a">Dū sadah sukhanvarī</marcxml:subfield>
  </marcxml:datafield>
  <marcxml:datafield tag="880" ind1="3" ind2="0">
    <marcxml:subfield code="6">246-03/(3/r‏</marcxml:subfield>
    <marcxml:subfield code="a">‏دو سده سخنورى</marcxml:subfield>
  </marcxml:datafield>
  <marcxml:datafield tag="250" ind1=" " ind2=" ">
    <marcxml:subfield code="6">880-04</marcxml:subfield>
    <marcxml:subfield code="a">Chāp-i avval.</marcxml:subfield>
  </marcxml:datafield>
  <marcxml:datafield tag="880" ind1=" " ind2=" ">
    <marcxml:subfield code="6">250-04/(3/r‏</marcxml:subfield>
    <marcxml:subfield code="a">‏چاپ اول.</marcxml:subfield>
  </marcxml:datafield>
  <marcxml:datafield tag="264" ind1=" " ind2="1">
    <marcxml:subfield code="6">880-05</marcxml:subfield>
    <marcxml:subfield code="a">Tihrān :</marcxml:subfield>
    <marcxml:subfield code="b">Nashr-i Khāmūsh,</marcxml:subfield>
    <marcxml:subfield code="c">1398 [2019 or 2020]</marcxml:subfield>
  </marcxml:datafield>
  <marcxml:datafield tag="880" ind1=" " ind2="1">
    <marcxml:subfield code="6">264-05/(3/r‏</marcxml:subfield>
    <marcxml:subfield code="a">‏تهران :‏</marcxml:subfield>
    <marcxml:subfield code="b">‏نشر خاموش،‏</marcxml:subfield>
    <marcxml:subfield code="c">‏‪1398 [2019 or 2020]‬.</marcxml:subfield>
  </marcxml:datafield>
  <marcxml:datafield tag="300" ind1=" " ind2=" ">
    <marcxml:subfield code="a">11 volumes ;</marcxml:subfield>
    <marcxml:subfield code="c">22 cm</marcxml:subfield>
  </marcxml:datafield>
  <marcxml:datafield tag="336" ind1=" " ind2=" ">
    <marcxml:subfield code="a">text</marcxml:subfield>
    <marcxml:subfield code="b">txt</marcxml:subfield>
    <marcxml:subfield code="2">rdacontent</marcxml:subfield>
  </marcxml:datafield>
  <marcxml:datafield tag="337" ind1=" " ind2=" ">
    <marcxml:subfield code="a">unmediated</marcxml:subfield>
    <marcxml:subfield code="b">n</marcxml:subfield>
    <marcxml:subfield code="2">rdamedia</marcxml:subfield>
  </marcxml:datafield>
  <marcxml:datafield tag="338" ind1=" " ind2=" ">
    <marcxml:subfield code="a">volume</marcxml:subfield>
    <marcxml:subfield code="b">nc</marcxml:subfield>
    <marcxml:subfield code="2">rdacarrier</marcxml:subfield>
  </marcxml:datafield>
  <marcxml:datafield tag="504" ind1=" " ind2=" ">
    <marcxml:subfield code="a">Includes bibliographical references.</marcxml:subfield>
  </marcxml:datafield>
  <marcxml:datafield tag="505" ind1="0" ind2=" ">
    <marcxml:subfield code="a">[jild-i] 1. Tārīkh-i ijtimāʻī-i Shīrāz dar sadahʹhā-yi haftun va hashtum-i hijrī -- [jild-i] 2. Tārīkh-i taḥavvulāt-i siyāsī - ijtimāʻī-i Kirmān dar ʻaṣr-i Khvājū/ Duktur Jamshīd Rūstā, Saḥar Pūr Mahdīʹzādah -- [jild-i] 3. Tadbīr va shamshīr: Shīrāz, kānūn-i muhimm-i siyāsī va niẓāmī dar sadahʹhā-yi haftum va hashtum-i hijrī/ Duktur Sayyid Abū al-Qāsim Furūzānī  -- [jild-i] 4. Jughrāfiyā-yi tārīkhī-i Shīrāz dar sadahʹhā-yi haftum va hashtum-i hijrī/ Muṣṭafá Nadīm -- [jild-i] 5. Jughrāfiyā-yi tārīkhī-i shahr-i Kirmān dar dawrān-i miyānah (ʻaṣr-i Khvājū)/ Duktur Jamshīd Rūstā [and two others] -- [jild-i] 6. Zindagī-i Ḥāfiẓ Shīrāzī bar pāyah-yi ashʻār-i nishānahʹdār-i tārīkhī-i Dīvān/ Manṣūr Pāymard -- [jild-i] 7. Zindagī-i Khvājū-yi Kirmānī/ Duktur Muḥammad Ṣādiq Baṣīrī -- [jild-i] 8. Zindagī-i Saʻdī Shīrāzī/ duktur Javād Basharī --[jild-i] 9. Farhang-i ʻāmmah dar ās̲ār-i Khvājū-yi Kirmānī/ duktur Muḥammad Riz̤ā Ṣarfī -- [jild-i] 10. Farhang-i mardum-i Shīrāz dar dawrah-yi Saʻdī va Ḥāfiẓ/ Farzānah Muʻīnī [and three others] -- [jild-i] 11. Katībah-ʼi shikastah, shinākhtʹnāmah-i mukhtaṣar-i buzurgān-i nāmdār-i Shīrāz va Fārs dar sadahʹhā-yi haftum va hashtum-i hijrī / Mahdī Fāmūrī.</marcxml:subfield>
  </marcxml:datafield>
  <marcxml:datafield tag="546" ind1=" " ind2=" ">
    <marcxml:subfield code="a">In Persian.</marcxml:subfield>
  </marcxml:datafield>
  <marcxml:datafield tag="650" ind1=" " ind2="0">
    <marcxml:subfield code="a">Persian poetry</marcxml:subfield>
    <marcxml:subfield code="x">History and criticism.</marcxml:subfield>
  </marcxml:datafield>
  <marcxml:datafield tag="600" ind1="0" ind2="0">
    <marcxml:subfield code="6">880-06</marcxml:subfield>
    <marcxml:subfield code="a">Ḥāfiẓ,</marcxml:subfield>
    <marcxml:subfield code="d">active 14th century</marcxml:subfield>
    <marcxml:subfield code="x">Criticism and interpretation.</marcxml:subfield>
  </marcxml:datafield>
  <marcxml:datafield tag="880" ind1="0" ind2="4">
    <marcxml:subfield code="6">600-06/(3/r‏</marcxml:subfield>
    <marcxml:subfield code="a">‏حافظ.</marcxml:subfield>
  </marcxml:datafield>
  <marcxml:datafield tag="600" ind1="0" ind2="0">
    <marcxml:subfield code="6">880-07</marcxml:subfield>
    <marcxml:subfield code="a">Saʻdī</marcxml:subfield>
    <marcxml:subfield code="x">Criticism and interpretation.</marcxml:subfield>
  </marcxml:datafield>
  <marcxml:datafield tag="880" ind1="0" ind2="4">
    <marcxml:subfield code="6">600-07/(3/r‏</marcxml:subfield>
    <marcxml:subfield code="a">‏سعدى‏.</marcxml:subfield>
  </marcxml:datafield>
  <marcxml:datafield tag="600" ind1="1" ind2="0">
    <marcxml:subfield code="6">880-08</marcxml:subfield>
    <marcxml:subfield code="a">Khvājū-yi Kirmānī, Maḥmūd ibn ʻAlī,</marcxml:subfield>
    <marcxml:subfield code="d">1290 or 1291-1352?</marcxml:subfield>
    <marcxml:subfield code="x">Criticism and interpretation.</marcxml:subfield>
  </marcxml:datafield>
  <marcxml:datafield tag="880" ind1="1" ind2="4">
    <marcxml:subfield code="6">600-08/(3/r‏</marcxml:subfield>
    <marcxml:subfield code="a">‏خواجوى کرمانى، محمود بن على.</marcxml:subfield>
  </marcxml:datafield>
  <marcxml:datafield tag="700" ind1="1" ind2=" ">
    <marcxml:subfield code="6">880-09</marcxml:subfield>
    <marcxml:subfield code="a">Rūstā, Jamshīd,</marcxml:subfield>
    <marcxml:subfield code="d">1982 or 1983-</marcxml:subfield>
    <marcxml:subfield code="e">author</marcxml:subfield>
  </marcxml:datafield>
  <marcxml:datafield tag="880" ind1="1" ind2=" ">
    <marcxml:subfield code="6">700-09/(3/r‏</marcxml:subfield>
    <marcxml:subfield code="a">‏روستا، جمشيد.</marcxml:subfield>
  </marcxml:datafield>
  <marcxml:datafield tag="700" ind1="1" ind2=" ">
    <marcxml:subfield code="6">880-10</marcxml:subfield>
    <marcxml:subfield code="a">Pūr Mahdīʹzādah, Saḥar,</marcxml:subfield>
    <marcxml:subfield code="d">1990 or 1991-</marcxml:subfield>
  </marcxml:datafield>
  <marcxml:datafield tag="880" ind1="1" ind2=" ">
    <marcxml:subfield code="6">700-10/(3/r‏</marcxml:subfield>
    <marcxml:subfield code="a">‏پور مهدى‌زاده، سحر.</marcxml:subfield>
  </marcxml:datafield>
  <marcxml:datafield tag="700" ind1="1" ind2=" ">
    <marcxml:subfield code="6">880-11</marcxml:subfield>
    <marcxml:subfield code="a">Furūzānī, Abū al-Qāsim,</marcxml:subfield>
    <marcxml:subfield code="d">1956 or 1957-</marcxml:subfield>
    <marcxml:subfield code="e">author.</marcxml:subfield>
  </marcxml:datafield>
  <marcxml:datafield tag="880" ind1="1" ind2=" ">
    <marcxml:subfield code="6">700-11/(3/r‏</marcxml:subfield>
    <marcxml:subfield code="a">‏فروزانى، ابو القاسم.</marcxml:subfield>
  </marcxml:datafield>
  <marcxml:datafield tag="700" ind1="1" ind2=" ">
    <marcxml:subfield code="6">880-12</marcxml:subfield>
    <marcxml:subfield code="a">Nadīm, Muṣṭafá,</marcxml:subfield>
    <marcxml:subfield code="d">1960 or 1961-</marcxml:subfield>
    <marcxml:subfield code="e">author.</marcxml:subfield>
  </marcxml:datafield>
  <marcxml:datafield tag="880" ind1="1" ind2=" ">
    <marcxml:subfield code="6">700-12/(3/r‏</marcxml:subfield>
    <marcxml:subfield code="a">‏نديم، مصطفى.</marcxml:subfield>
  </marcxml:datafield>
  <marcxml:datafield tag="700" ind1="1" ind2=" ">
    <marcxml:subfield code="6">880-13</marcxml:subfield>
    <marcxml:subfield code="a">Pāymard, Manṣūr,</marcxml:subfield>
    <marcxml:subfield code="e">author.</marcxml:subfield>
  </marcxml:datafield>
  <marcxml:datafield tag="880" ind1="1" ind2=" ">
    <marcxml:subfield code="6">700-13/(3/r‏</marcxml:subfield>
    <marcxml:subfield code="a">‏پايمرد، منصور.</marcxml:subfield>
  </marcxml:datafield>
  <marcxml:datafield tag="700" ind1="1" ind2=" ">
    <marcxml:subfield code="6">880-14</marcxml:subfield>
    <marcxml:subfield code="a">Baṣīrī, Muḥammad Ṣādiq,</marcxml:subfield>
    <marcxml:subfield code="e">author.</marcxml:subfield>
  </marcxml:datafield>
  <marcxml:datafield tag="880" ind1="1" ind2=" ">
    <marcxml:subfield code="6">700-14/(3/r‏</marcxml:subfield>
    <marcxml:subfield code="a">‏بصيرى، محمد صادق.</marcxml:subfield>
  </marcxml:datafield>
  <marcxml:datafield tag="700" ind1="1" ind2=" ">
    <marcxml:subfield code="6">880-15</marcxml:subfield>
    <marcxml:subfield code="a">Basharī, Javād,</marcxml:subfield>
    <marcxml:subfield code="d">1984 or 1985-</marcxml:subfield>
    <marcxml:subfield code="e">author.</marcxml:subfield>
  </marcxml:datafield>
  <marcxml:datafield tag="880" ind1="1" ind2=" ">
    <marcxml:subfield code="6">700-15/(3/r‏</marcxml:subfield>
    <marcxml:subfield code="a">‏بشرى، جواد.</marcxml:subfield>
  </marcxml:datafield>
  <marcxml:datafield tag="700" ind1="1" ind2=" ">
    <marcxml:subfield code="6">880-16</marcxml:subfield>
    <marcxml:subfield code="a">Ṣarfī, Muḥammad Riz̤ā,</marcxml:subfield>
    <marcxml:subfield code="e">author.</marcxml:subfield>
  </marcxml:datafield>
  <marcxml:datafield tag="880" ind1="1" ind2=" ">
    <marcxml:subfield code="6">700-16/(3/r‏</marcxml:subfield>
    <marcxml:subfield code="a">‏صرفى، محمد رضا.</marcxml:subfield>
  </marcxml:datafield>
  <marcxml:datafield tag="700" ind1="1" ind2=" ">
    <marcxml:subfield code="6">880-17</marcxml:subfield>
    <marcxml:subfield code="a">Fāmūrī, Mahdī,</marcxml:subfield>
    <marcxml:subfield code="d">1980 or 1981-</marcxml:subfield>
    <marcxml:subfield code="e">author.</marcxml:subfield>
  </marcxml:datafield>
  <marcxml:datafield tag="880" ind1="1" ind2=" ">
    <marcxml:subfield code="6">700-17/(3/r‏</marcxml:subfield>
    <marcxml:subfield code="a">‏فامورى، مهدى.</marcxml:subfield>
  </marcxml:datafield>
  <marcxml:datafield tag="700" ind1="1" ind2=" ">
    <marcxml:subfield code="6">880-18</marcxml:subfield>
    <marcxml:subfield code="a">Ḥasanʹlī, Kāvūs</marcxml:subfield>
    <marcxml:subfield code="e">editor.</marcxml:subfield>
  </marcxml:datafield>
  <marcxml:datafield tag="880" ind1="1" ind2=" ">
    <marcxml:subfield code="6">700-18/(3/r‏</marcxml:subfield>
    <marcxml:subfield code="a">‏حسن‌لى، کاووس‏.</marcxml:subfield>
  </marcxml:datafield>
  <marcxml:datafield tag="700" ind1="1" ind2=" ">
    <marcxml:subfield code="6">880-19</marcxml:subfield>
    <marcxml:subfield code="a">Muʻīnī, Farzānah,</marcxml:subfield>
    <marcxml:subfield code="d">1983 or 1984-</marcxml:subfield>
    <marcxml:subfield code="e">compiler,</marcxml:subfield>
    <marcxml:subfield code="e">author.</marcxml:subfield>
  </marcxml:datafield>
  <marcxml:datafield tag="880" ind1="1" ind2=" ">
    <marcxml:subfield code="6">700-19/(3/r‏</marcxml:subfield>
    <marcxml:subfield code="a">‏معينى، فرزانه.</marcxml:subfield>
  </marcxml:datafield>
  <marcxml:datafield tag="985" ind1=" " ind2=" ">
    <marcxml:subfield code="e">ODE-is</marcxml:subfield>
  </marcxml:datafield>
</marcxml:record>
